% Encoding: ISO-8859-1

@Book{Nakahara2008,
  title     = {Quantum computing: from linear algebra to physical realizations},
  publisher = {CRC press},
  year      = {2008},
  author    = {Nakahara, Mikio},
}

@Article{DongMengWhaleyEtAl2021,
  author  = {Dong, Yulong and Meng, Xiang and Whaley, K Birgitta and Lin, Lin},
  title   = {Efficient phase factor evaluation in quantum signal processing},
  journal = {Phys. Rev. A},
  year    = {2021},
  volume  = {103},
  pages   = {042419},
}

@Article{Feynman1982,
  author  = {Feynman, Richard P},
  title   = {Simulating physics with computers},
  journal = {Int. J. Theor. Phys},
  year    = {1982},
  volume  = {21},
  number  = {6/7},
}

@Article{DeWolfQuantumLec,
  author  = {De Wolf, Ronald},
  title   = {Quantum computing: Lecture notes},
  journal = {arXiv:1907.09415},
  year    = {2019},
}

@InProceedings{Szegedy2004,
  author    = {Szegedy, Mario},
  title     = {Quantum speed-up of Markov chain based algorithms},
  booktitle = {45th Annual IEEE symposium on foundations of computer science},
  year      = {2004},
  pages     = {32--41},
}

@Article{BerryAhokasCleveEtAl2007,
  author  = {Berry, Dominic W and Ahokas, Graeme and Cleve, Richard and Sanders, Barry C},
  title   = {{Efficient quantum algorithms for simulating sparse Hamiltonians}},
  journal = {Commun. Math. Phys.},
  year    = {2007},
  volume  = {270},
  number  = {2},
  pages   = {359--371},
}

@Book{NegeleOrland1988,
  title     = {Quantum many-particle systems},
  publisher = {Westview},
  year      = {1988},
  author    = {Negele, J. W. and Orland, H.},
}

@Article{HawkinsBen-Israel1973,
  author  = {Hawkins, J. B. and Ben-Israel, A.},
  title   = {On generalized matrix functions},
  journal = {Linear and Multilinear Algebra},
  year    = {1973},
  volume  = {1},
  pages   = {163--171},
}

@Misc{ChildsQuantumLec,
  author = {Andrew Childs},
  title  = {Lecture Notes on Quantum Algorithms},
  year   = {2021},
  url    = {http://www.cs.umd.edu/~amchilds/qa/},
}

@Article{DongLin2021,
  author    = {Dong, Yulong and Lin, Lin},
  title     = {Random circuit block-encoded matrix and a proposal of quantum LINPACK benchmark},
  journal   = {Phys. Rev. A},
  year      = {2021},
  volume    = {103},
  number    = {6},
  pages     = {062412},
  publisher = {APS},
}

@Article{Haah2019,
  author  = {Haah, J.},
  title   = {Product decomposition of periodic functions in quantum signal processing},
  journal = {Quantum},
  year    = {2019},
  volume  = {3},
  pages   = {190},
}

@Article{ArrigoBenziFenu2016,
  author  = {F. Arrigo and M. Benzi and C. Fenu},
  title   = {Computation of Generalized Matrix Functions},
  journal = {SIAM J. Matrix Anal. Appl.},
  year    = {2016},
  volume  = {37},
  pages   = {836--860},
}

@Book{RieffelPolak2011,
  title     = {Quantum computing: A gentle introduction},
  publisher = {MIT Press},
  year      = {2011},
  author    = {Rieffel, Eleanor G and Polak, Wolfgang H},
}

@Article{ChildsKothariSomma2017,
  author  = {Andrew M. Childs and Robin Kothari and Rolando D. Somma},
  title   = {Quantum Algorithm for Systems of Linear Equations with Exponentially Improved Dependence on Precision},
  journal = {SIAM J. Comput.},
  year    = {2017},
  volume  = {46},
  pages   = {1920--1950},
}

@Book{KitaevShenVyalyi2002,
  title     = {Classical and quantum computation},
  publisher = {American Mathematical Soc.},
  year      = {2002},
  author    = {Kitaev, Alexei Yu and Shen, Alexander and Vyalyi, Mikhail N},
  number    = {47},
}

@Article{LinTong2020,
  author  = {Lin, Lin and Tong, Yu},
  title   = {Optimal quantum eigenstate filtering with application to solving quantum linear systems},
  journal = {Quantum},
  year    = {2020},
  volume  = {4},
  pages   = {361},
}

@Book{Aaronson2013,
  title     = {Quantum computing since Democritus},
  publisher = {Cambridge Univ. Pr.},
  year      = {2013},
  author    = {Aaronson, Scott},
}

@Article{Thalhammer2008,
  author  = {Thalhammer, Mechthild},
  title   = {{High-order exponential operator splitting methods for time-dependent Schr{\"o}dinger equations}},
  journal = {SIAM J. Numer. Anal.},
  year    = {2008},
  volume  = {46},
  number  = {4},
  pages   = {2022--2038},
}

@Article{ChildsSuTranEtAl2021,
  author  = {Childs, Andrew M and Su, Yuan and Tran, Minh C and Wiebe, Nathan and Zhu, Shuchen},
  title   = {Theory of trotter error with commutator scaling},
  journal = {Phys. Rev. X},
  year    = {2021},
  volume  = {11},
  number  = {1},
  pages   = {011020},
}

@Article{Lloyd1996,
  author  = {Lloyd, Seth},
  title   = {Universal quantum simulators},
  journal = {Science},
  year    = {1996},
  pages   = {1073--1078},
}

@Article{DervovicHerbsterMountneyEtAl2018,
  author  = {Dervovic, Danial and Herbster, Mark and Mountney, Peter and Severini, Simone and Usher, Na{\"\i}ri and Wossnig, Leonard},
  title   = {Quantum linear systems algorithms: a primer},
  journal = {arXiv:1802.08227},
  year    = {2018},
}

@Article{HarrowHassidimLloyd2009,
  author  = {Harrow, Aram W and Hassidim, Avinatan and Lloyd, Seth},
  title   = {Quantum algorithm for linear systems of equations},
  journal = {Phys. Rev. Lett.},
  year    = {2009},
  volume  = {103},
  pages   = {150502},
}

@Article{JahnkeLubich2000,
  author     = {Jahnke, Tobias and Lubich, Christian},
  title      = {Error bounds for exponential operator splittings},
  journal    = {BIT},
  year       = {2000},
  volume     = {40},
  number     = {4},
  pages      = {735--744},
  issn       = {0006-3835},
  doi        = {10.1023/A:1022396519656},
  fjournal   = {BIT. Numerical Mathematics},
  mrclass    = {65M15 (47D08)},
  mrnumber   = {1799313},
  mrreviewer = {Hasan Ta\c{s}eli},
  url        = {https://doi-org.libproxy.berkeley.edu/10.1023/A:1022396519656},
}

@Misc{NielsenChuang2000,
  author    = {Nielsen, Michael A and Chuang, Isaac},
  title     = {Quantum computation and quantum information},
  year      = {2000},
  publisher = {Cambridge Univ. Pr.},
}

@Article{PreskillQuantumLec,
  author    = {Preskill, John},
  title     = {Lecture notes for Physics 219: Quantum computation},
  journal   = {Caltech Lecture Notes},
  year      = {1999},
  publisher = {Citeseer},
}

@Article{LowChuang2017a,
  author  = {Low, Guang Hao and Chuang, Isaac L},
  title   = {Hamiltonian simulation by uniform spectral amplification},
  journal = {arXiv:1707.05391},
  year    = {2017},
}

@Book{GolubVan2013,
  title     = {Matrix computations},
  publisher = {Johns Hopkins Univ. Press},
  year      = {2013},
  author    = {Golub, G. H. and Van Loan, C. F.},
  address   = {Baltimore},
  edition   = {Fourth},
}

@Article{NagajWocjanZhang2009,
  author  = {Nagaj, Daniel and Wocjan, Pawel and Zhang, Yong},
  title   = {Fast amplification of {QMA}},
  journal = {Quantum Inf. Comput.},
  year    = {2009},
  volume  = {9},
  number  = {11},
  pages   = {1053--1068},
}

@Article{LinTong2020a,
  author  = {Lin, Lin and Tong, Yu},
  title   = {Near-optimal ground state preparation},
  journal = {Quantum},
  year    = {2020},
  volume  = {4},
  pages   = {372},
}

@Article{GilyenSuLowEtAl2018,
  author  = {Gily{\'e}n, Andr{\'a}s and Su, Yuan and Low, Guang Hao and Wiebe, Nathan},
  title   = {Quantum singular value transformation and beyond: exponential improvements for quantum matrix arithmetics},
  journal = {arXiv:1806.01838},
  year    = {2018},
}

@InProceedings{GilyenSuLowEtAl2019,
  author    = {Gily{\'e}n, Andr{\'a}s and Su, Yuan and Low, Guang Hao and Wiebe, Nathan},
  title     = {Quantum singular value transformation and beyond: exponential improvements for quantum matrix arithmetics},
  booktitle = {Proceedings of the 51st Annual ACM SIGACT Symposium on Theory of Computing},
  year      = {2019},
  pages     = {193--204},
}

@Article{LowChuang2017,
  author  = {Guang Hao Low and Isaac L. Chuang},
  title   = {Optimal Hamiltonian Simulation by Quantum Signal Processing},
  journal = {Phys. Rev. Lett.},
  year    = {2017},
  volume  = {118},
  pages   = {010501},
}

@Comment{jabref-meta: databaseType:bibtex;}
